@book{Matthews201111, 
title={Beginning Android Tablet Programming (Beginning Apress)},
author={Robbie Matthews},
publisher={Apress},
year={2011},
edition={1},
isbn={9781430237839},
price={$39.99},
totalpages={292},
timestamp={2012.05.22},
}

@book{Felker201112, 
title={Android Tablet Application Development For Dummies},
author={Donn Felker},
publisher={For Dummies},
year={2011},
edition={1},
isbn={9781118096239},
url={http://amazon.com/o/ASIN/1118096231/},
price={$29.99},
totalpages={384},
timestamp={2012.05.22},
}


@book{Riedel200908, 
title={Git- kurz \& gut},
author={Sven Riedel},
publisher={O'Reilly},
year={2009},
edition={1},
isbn={9783897219144},
url={http://amazon.de/o/ASIN/389721914X/},
price={EUR 9,90},
totalpages={144},
timestamp={2012.05.22},
}

@book{Künneth201108, 
title={Android 3: Apps entwickeln mit dem Android SDK (Galileo Computing)},
author={Thomas Künneth},
publisher={Galileo Computing},
year={2011},
edition={1},
isbn={9783836216975},
url={http://amazon.de/o/ASIN/3836216973/},
price={EUR 34,90},
totalpages={419},
timestamp={2012.05.22},
}

 
@misc{cnlabsaba,
author = "Dr. Prof. Peter Heinzmann, cnlab AG{,}",
title = "Administratives zu Studien- und Bachelorarbeiten",
year = "2012",
howpublished = "\url{http://www.cnlab.ch/kurse/SABA/}",
note = "letzter Zugriff am 30.05.2012"
}